@book{elo1986rating,
  title={The rating of chessplayers, past and present},
  author={Elo, A.E.},
  year={1986},
  publisher={Arco Pub., New York,}
}

@inproceedings{kwak2010twitter,
  title={What is Twitter, a social network or a news media?},
  author={Kwak, H. and Lee, C. and Park, H. and Moon, S.},
  booktitle={Proceedings of the 19th international conference on World wide web},
  pages={591--600},
  year={2010},
  organization={ACM}
}

@inproceedings{welch2011topical,
  title={Topical semantics of twitter links},
  author={Welch, M.J. and Schonfeld, U. and He, D. and Cho, J.},
  booktitle={Proceedings of the fourth ACM international conference on Web search and data mining},
  pages={327--336},
  year={2011},
  organization={ACM}
}

@inproceedings{wu2011says,
  title={Who says what to whom on twitter},
  author={Wu, S. and Hofman, J.M. and Mason, W.A. and Watts, D.J.},
  booktitle={Proceedings of the 20th international conference on World wide web},
  pages={705--714},
  year={2011},
  organization={ACM}
}

@inproceedings{yang2011like,
  title={Like like alike: joint friendship and interest propagation in social networks},
  author={Yang, S.H. and Long, B. and Smola, A. and Sadagopan, N. and Zheng, Z. and Zha, H.},
  booktitle={Proceedings of the 20th international conference on World wide web},
  pages={537--546},
  year={2011},
  organization={ACM}
}

@inproceedings{backstrom2011supervised,
  title={Supervised random walks: predicting and recommending links in social networks},
  author={Backstrom, L. and Leskovec, J.},
  booktitle={Proceedings of the fourth ACM international conference on Web search and data mining},
  pages={635--644},
  year={2011},
  organization={ACM}
}
