@inproceedings{cheng2007entityrank,
  title={EntityRank: searching entities directly and holistically},
  author={Cheng, T. and Yan, X. and Chang, K.C.C.},
  booktitle={Proceedings of the 33rd international conference on Very large data bases},
  pages={387--398},
  year={2007},
  organization={VLDB Endowment}
}

@inproceedings{chakrabarti2006ranking,
  title={Ranking objects based on relationships},
  author={Chakrabarti, K. and Ganti, V. and Han, J. and Xin, D.},
  booktitle={Proceedings of the 2006 ACM SIGMOD international conference on Management of data},
  pages={371--382},
  year={2006},
  organization={ACM}
}

@inproceedings{conrad1994system,
  title={A system for discovering relationships by feature extraction from text databases},
  author={Conrad, J.G. and Utt, M.H.},
  booktitle={Proceedings of the 17th annual international ACM SIGIR conference on Research and development in information retrieval},
  pages={260--270},
  year={1994},
  organization={Springer-Verlag New York, Inc.}
}

@techreport{cai2003vips,
  title={VIPS: a visionbased page segmentation algorithm},
  author={Cai, D. and Yu, S. and Wen, J.R. and Ma, W.Y.},
  year={2003},
  institution={Microsoft Technical Report, MSR-TR-2003-79}
}

@book{baeza1999modern,
  title={Modern information retrieval},
  author={Baeza-Yates, R. and Ribeiro-Neto, B. and others},
  volume={463},
  year={1999},
  publisher={ACM press New York.}
}

@inproceedings{petkova2007proximity,
  title={Proximity-based document representation for named entity retrieval},
  author={Petkova, D. and Croft, W.B.},
  booktitle={Proceedings of the sixteenth ACM conference on Conference on information and knowledge management},
  pages={731--740},
  year={2007},
  organization={ACM}
}

@inproceedings{mattox1999enterprise,
  title={Enterprise expert and knowledge discovery},
  author={Mattox, D. and Maybury, M. and Morey, D.},
  booktitle={Proc. HCI International},
  volume={99},
  pages={303--307},
  year={1999}
}

@MISC{fast2010,
  title={FAST {S}earch {S}erver},
  howpublished={\url{http://sharepoint.microsoft.com/en-us/product/capabilities/search/Pages/Fast-Search.aspx}}
}

@MISC{ibmecm,
  title={Enterprise {C}ontent {M}anagement ({ECM})},
  howpublished={\url{http://www-01.ibm.com/software/ecm/}}
}

@MISC{gsa7,
  title={Google {S}earch {A}ppliance ({GSA})},
  howpublished={\url{http://www.google.com/enterprise/search/campaigns/gsa7.html}}
}

@inproceedings{cao2005research,
  title={Research on expert search at enterprise track of TREC 2005},
  author={Cao, Y. and Liu, J. and Bao, S. and Li, H.},
  booktitle={Proc. of TREC},
  volume={14},
  year={2005}
}

@inproceedings{craswell2005overview,
  title={Overview of the trec-2005 enterprise track},
  author={Craswell, N. and de Vries, A.P. and Soboroff, I.},
  booktitle={TREC 2005 conference notebook},
  pages={199--205},
  year={2005}
}

@article{soboroff2006overview,
  title={Overview of the trec 2006 enterprise track},
  author={Soboroff, I. and de Vries, A.P. and Craswell, N.},
  journal={TREC 2006 Working Notes},
  year={2006}
}

@inproceedings{bailey2007overview,
  title={Overview of the TREC 2007 enterprise track},
  author={Bailey, P. and Craswell, N. and de Vries, A.P. and Soboroff, I.},
  booktitle={Proceedings of TREC},
  volume={7},
  year={2007},
  organization={Citeseer}
}

@techreport{balog2008overview,
  title={Overview of the TREC 2008 enterprise track},
  author={Balog, K. and Thomas, P. and Craswell, N. and Soboroff, I. and Bailey, P. and De Vries, A.P.},
  year={2008},
  institution={DTIC Document}
}

@article{fang2007probabilistic,
  title={Probabilistic models for expert finding},
  author={Fang, H. and Zhai, C.X.},
  journal={Advances in Information Retrieval},
  pages={418--430},
  year={2007},
  publisher={Springer}
}

@inproceedings{balog2006formal,
  title={Formal models for expert finding in enterprise corpora},
  author={Balog, K. and Azzopardi, L. and De Rijke, M.},
  booktitle={Proceedings of the 29th annual international ACM SIGIR conference on Research and development in information retrieval},
  pages={43--50},
  year={2006},
  organization={ACM}
}

@inproceedings{tu2010citation,
  title={Citation author topic model in expert search},
  author={Tu, Y. and Johri, N. and Roth, D. and Hockenmaier, J.},
  booktitle={Proceedings of the 23rd International Conference on Computational Linguistics: Posters},
  pages={1265--1273},
  year={2010},
  organization={Association for Computational Linguistics}
}

@inproceedings{balog2008non,
  title={Non-local evidence for expert finding},
  author={Balog, K. and de Rijke, M.},
  booktitle={Proceedings of the 17th ACM conference on Information and knowledge management},
  pages={489--498},
  year={2008},
  organization={ACM}
}

@article{karimzadehgan2009enhancing,
  title={Enhancing expert finding using organizational hierarchies},
  author={Karimzadehgan, M. and White, R. and Richardson, M.},
  journal={Advances in Information Retrieval},
  pages={177--188},
  year={2009},
  publisher={Springer}
}

@inproceedings{raghavan2004exploration,
  title={An exploration of entity models, collective classification and relation description},
  author={Raghavan, H. and Allan, J. and McCallum, A.},
  booktitle={KDD Workshop on Link Analysis and Group Detection},
  pages={1--10},
  year={2004}
}

@inproceedings{nie2007object,
  title={Object-level vertical search},
  author={Nie, Z. and Wen, J.R. and Ma, W.Y.},
  year={2007},
  organization={CIDR}
}
